<record><leader>00000cas a2200000 a 4500</leader><controlfield tag="001">34000595</controlfield><controlfield tag="007">hd afu---baca</controlfield><controlfield tag="008">960108d1889189unbudn nea     0    0eng d</controlfield><datafield ind1=" " ind2=" " tag="010"><subfield code="a">sn 95073412 </subfield></datafield><datafield ind1=" " ind2=" " tag="040"><subfield code="a">NVG</subfield><subfield code="b">eng</subfield><subfield code="c">NVG</subfield><subfield code="d">OCL</subfield><subfield code="d">OCLCQ</subfield><subfield code="d">OCLCF</subfield><subfield code="d">OCLCO</subfield><subfield code="d">OCLCQ</subfield></datafield><datafield ind1=" " ind2=" " tag="042"><subfield code="a">msc</subfield></datafield><datafield ind1=" " ind2=" " tag="043"><subfield code="a">n-us-nb</subfield></datafield><datafield ind1="0" ind2=" " tag="130"><subfield code="a">Omaha daily world-herald (Omaha, Neb. : Evening ed.)</subfield></datafield><datafield ind1="1" ind2="0" tag="245"><subfield code="a">Omaha daily world-herald.</subfield></datafield><datafield ind1="1" ind2=" " tag="246"><subfield code="i">Title in publisher's box:</subfield><subfield code="a">Evening world-herald</subfield></datafield><datafield ind1=" " ind2=" " tag="260"><subfield code="a">Omaha [Neb.] :</subfield><subfield code="b">World Pub. Co.,</subfield><subfield code="c">1889-</subfield></datafield><datafield ind1=" " ind2=" " tag="300"><subfield code="a">volumes</subfield></datafield><datafield ind1=" " ind2=" " tag="310"><subfield code="a">Daily (except Sun.)</subfield></datafield><datafield ind1=" " ind2=" " tag="336"><subfield code="a">text</subfield><subfield code="b">txt</subfield><subfield code="2">rdacontent</subfield></datafield><datafield ind1=" " ind2=" " tag="337"><subfield code="a">microform</subfield><subfield code="b">h</subfield><subfield code="2">rdamedia</subfield></datafield><datafield ind1=" " ind2=" " tag="338"><subfield code="a">microfilm reel</subfield><subfield code="b">hd</subfield><subfield code="2">rdacarrier</subfield></datafield><datafield ind1="0" ind2=" " tag="362"><subfield code="a">4th year (July 15, 1889)-</subfield></datafield><datafield ind1=" " ind2=" " tag="580"><subfield code="a">Formed by the union of: Omaha daily world, and: Omaha daily herald (Omaha, Neb. : 1879).</subfield></datafield><datafield ind1=" " ind2=" " tag="580"><subfield code="a">Weekly ed.: Omaha weekly world-herald.</subfield></datafield><datafield ind1=" " ind2=" " tag="580"><subfield code="a">Morning ed.: Omaha daily world-herald (Omaha, Neb. : Morning ed.).</subfield></datafield><datafield ind1=" " ind2=" " tag="533"><subfield code="a">Microfilm.</subfield><subfield code="b">New York, [N.Y.] :</subfield><subfield code="c">Recordak Corporation.</subfield><subfield code="e">1 microfilm reel ; 35 mm.</subfield></datafield><datafield ind1=" " ind2="0" tag="651"><subfield code="a">Omaha (Neb.)</subfield><subfield code="v">Newspapers.</subfield></datafield><datafield ind1=" " ind2="7" tag="651"><subfield code="a">Nebraska</subfield><subfield code="z">Omaha.</subfield><subfield code="2">fast</subfield><subfield code="0">(OCoLC)fst01204995</subfield></datafield><datafield ind1=" " ind2="7" tag="655"><subfield code="a">Newspapers.</subfield><subfield code="2">fast</subfield><subfield code="0">(OCoLC)fst01423814</subfield></datafield><datafield ind1=" " ind2=" " tag="752"><subfield code="a">United States</subfield><subfield code="b">Nebraska</subfield><subfield code="c">Douglas</subfield><subfield code="d">Omaha.</subfield></datafield><datafield ind1="1" ind2=" " tag="775"><subfield code="t">Omaha weekly world-herald</subfield></datafield><datafield ind1="1" ind2=" " tag="775"><subfield code="t">Omaha daily world-herald (Omaha, Neb. : Morning ed.)</subfield><subfield code="w">(DLC)sn 95073432</subfield></datafield><datafield ind1="1" ind2="4" tag="780"><subfield code="t">Omaha daily world</subfield><subfield code="w">(DLC)sn 95073411</subfield></datafield><datafield ind1="1" ind2="4" tag="780"><subfield code="t">Omaha daily herald (Omaha, Neb. : 1879)</subfield><subfield code="w">(DLC)sn 95073413</subfield></datafield><datafield ind1="0" ind2="0" tag="785"><subfield code="t">Omaha world-herald (Omaha, Neb. : 1890 : Evening ed.)</subfield></datafield><datafield ind1="1" ind2=" " tag="029"><subfield code="a">AU@</subfield><subfield code="b">000012147673</subfield></datafield></record>